@online{McKinseyAutomacao,
  author = {McKinsey\&Company},
  title = {Where machines could replace humans --- and where they canâ€™t (yet)},
  year = 2016,
  url = {https://goo.gl/YfMHsS},
  urldate = {2018-09-12}
}

@online{WeForum,
  editor = {World Economic Forum},
  title = {The 10 skills you need to thrive in the Fourth Industrial Revolution},
  year = 2016,
  url = {https://goo.gl/1rwmMp},
  urldate = {2018-09-12}
}
