@book{soares,
address={Belo Horizonte},
publisher={Autêntica},
editor={Magda Soares},
subtitle={um tema em três gêneros},
volume={2},
title={Letramento},
year={2000}}

@book{possenti,
address={Campinas},
publisher={Mercado das Letras},
editor={Sírio Possenti},
title={Por que (não) Ensinar Gramática na Escola},
year={1996}}

@book{bakhtin,
address={São Paulo},
publisher={Hicitec},
editor={Mikhail Bakhtin},
title={Marxismo  e  filosofia  da  linguagem},
year={1988}}
